
@Comment{

https://tex.stackexchange.com/questions/57743/how-to-write-%C3%A4-and-other-umlauts-and-accented-letters-in-bibliography
To typeset accented characters inside bibliography fields for processing with BibTeX, encase them in curly braces. 

To list but a few accented characters:
{\"a} {\^e} {\`i} {\.I} {\o} {\'u} {\aa} {\c c} {\u g} {\l} {\~n} {\H o} {\v r} {\ss}
-------------------------------------------------------------------------------------------




}


@Comment{articles}


@article{bennani2016,
author="Bennani, H. and others",
title="{Achieving QoS in Virtual MIMO systems: a satisfaction equilibrium analysis}",
journal="{EURASIP Journal on Wireless Communications and Networking}",
year="{2016}",
volume="{2016}",
number="{1}",
pages="{126}",
note="\url{https://doi.org/10.1186/s13638-016-0612-6}"
}



@article{xli2015,
title = "{On modeling eavesdropping attacks in wireless networks}",
journal = "{Journal of Computational Science}",
volume = "{11}",
pages = "{196-204}",
year = "{2015}",
note="\url{https://doi.org/10.1016/j.jocs.2014.10.006}",
author = "Li, X. and others",
}



@article{pierobon2014,
author="Pierobon, M. and others",
title="{A routing framework for energy harvesting wireless nanosensor networks in the Terahertz Band}",
journal="{Wireless Networks}",
year="{2014}",
volume="{20}",
number="{5}",
pages="{1169-1183}",
note="\url{https://doi.org/10.1007/s11276-013-0665-y}"
}


@article{serrano2017,
   author = "Correas-Serrano, D. and Gomez-Diaz, J. S.",
    title = "{Graphene-based Antennas for Terahertz Systems: A Review}",
  journal = "{ArXiv e-prints}",
     year = "{2017}",
note="\url{https://arxiv.org/abs/1704.00371v2}", 
}

@article{hall1988, 
author="Hall, P. S. and Hall, C. M.", 
journal="{IEE Proceedings H - Microwaves, Antennas and Propagation}", 
title="{Coplanar corporate feed effects in microstrip patch array design}", 
year="{1988}", 
volume="{135}", 
number="{3}", 
pages="{180-186}", 
note="\url{http://dx.doi.org/10.1049/ip-h-2.1988.0038}", 
}


@article{he2006,
 author = "He, T. and others",
 title = "{VigilNet: An Integrated Sensor Network System for Energy-efficient Surveillance}",
 journal = "{ACM Transactions on Sensor Networks (TOSN)}",
 volume = "{2}",
 number = "{1}",
 year = "{2006}",
 pages = "{1-38}",
 note="\url{http://doi.acm.org/10.1145/1138127.1138128}",
} 

  
@article{ieee802, 
author="IEEE", 
journal="{IEEE Std 802.11b-1999}", 
title="{IEEE Standard for Information Technology - Telecommunications and information exchange between systems - Local and Metropolitan networks - Specific requirements - Part 11: Wireless LAN Medium Access Control (MAC) and Physical Layer (PHY) specifications: Higher Speed Physical Layer (PHY) Extension in the 2.4 GHz band}", 
year="{2000}", 
pages="{1-96}", 
note="\url{http://dx.doi.org/10.1109/IEEESTD.2000.90914}", 
}  

@Comment{smart antenna papers}



@article{choudhury2006, 
author="Choudhury, R. R. and others", 
journal="{IEEE Transactions on Mobile Computing}", 
title="{On designing MAC protocols for wireless networks using directional antennas}", 
year="{2006}", 
volume="{5}", 
number="{5}", 
pages="{477-491}", 
note="\url{http://dx.doi.org/10.1109/TMC.2006.69}", 
}



@article{liu2012, 
author="Liu, H. and others", 
journal="{IEEE Transactions on Antennas and Propagation}", 
title="{Electrically Small and Low Cost Smart Antenna for Wireless Communication}", 
year="{2012}", 
volume="{60}", 
number="{3}", 
pages="{1540-1549}",  
note="\url{http://dx.doi.org/10.1109/TAP.2011.2180300}", 
}


@article{loh2014, 
author="Loh, T. and others", 
journal="{IET Wireless Sensor Systems}", 
title="{Assessment of the adaptive routing performance of a Wireless Sensor Network using smart antennas}", 
year="{2014}", 
volume="{4}", 
number="{4}", 
pages="{196-205}", 
note="\url{http://dx.doi.org/10.1049/iet-wss.2014.0066}", 
}


@article{winters2006, 
author="Winters, J. H.", 
journal="{IEEE Wireless Communications}", 
title="{Smart antenna techniques and their application to wireless ad hoc networks}", 
year="{2006}", 
volume="{13}", 
number="{4}", 
pages="{77-83}", 
note="\url{https://doi.org/10.1109/MWC.2006.1678168}", 
}


@article{gupta2000, 
author="Gupta, P. and Kumar, P. R.", 
journal="{IEEE Transactions on Information Theory}", 
title="{The capacity of wireless networks}", 
year="{2000}", 
volume="{46}", 
number="{2}", 
pages="{388-404}", 
note="\url{http://dx.doi.org/10.1109/18.825799}", 
}



@article{felemban2010, 
author="Felemban, E. and others",
journal="{IEEE Transactions on Mobile Computing}", 
title="{SAMAC: A Cross-Layer Communication Protocol for Sensor Networks with Sectored Antennas}", 
year="{2010}", 
volume="{9}", 
number="{8}", 
pages="{1072-1088}", 
note="\url{http://dx.doi.org/10.1109/TMC.2010.61}",
}

@Comment{*****************************************************************************************************************}



@Comment{energy Harvesting papers}


@article{shaikh2016,
title = "{Energy harvesting in wireless sensor networks: A comprehensive review}",
journal = "{Renewable and Sustainable Energy Reviews}",
volume = "{55}",
pages = "{1041-1054}",
year = "{2016}",
note="\url{https://doi.org/10.1016/j.rser.2015.11.010}",
author = "Shaikh, F. K. and Zeadally, S.",
}


@Comment{*****************************************************************************************************************}



@article{rajendran2006,
author="Rajendran, V. and others",
title="{Energy-Efficient, Collision-Free Medium Access Control for Wireless Sensor Networks}",
journal="{Wireless Networks}",
year="{2006}",
volume="{12}",
number="{1}",
pages="{63-78}",
note="\url{https://doi.org/10.1007/s11276-006-6151-z}"
}




@article{carrano2014, 
author="Carrano, R. C. and others", 
journal="{IEEE Communications Surveys Tutorials}", 
title="{Survey and Taxonomy of Duty Cycling Mechanisms in Wireless Sensor Networks}", 
year="{2014}", 
volume="{16}", 
number="{1}", 
pages="{181-194}", 
note="\url{http://dx.doi.org/10.1109/SURV.2013.052213.00116}", 
}


@article{gavoille2001,
title = "{Space-Efficiency for Routing Schemes of Stretch Factor Three}",
journal = "{Journal of Parallel and Distributed Computing}",
volume = "{61}",
number = "{5}",
pages = "{679-687}",
year = "{2001}",
note="\url{https://doi.org/10.1006/jpdc.2000.1705}",
author = "Gavoille, C. and Gengler, M.",
}



@article{akyildiz2014,
title = "{Terahertz band: Next frontier for wireless communications}",
journal = "{Physical Communication}",
volume = "{12}",
pages = "{16-32}",
year = "{2014}",
note="\url{https://doi.org/10.1016/j.phycom.2014.01.006}",
author = "Akyildiz, I. F. and others",
}


@article{perkins1994,
 author = "Perkins, C. E. and Bhagwat, P.",
 title = "{Highly Dynamic Destination-Sequenced Distance-Vector Routing (DSDV) for Mobile Computers}",
 journal = "{SIGCOMM Comput. Commun. Rev.}",
 volume = "{24}",
 number = "{4}",
 year = "{1994}",
 pages = "{234-244}",
 note="\url{http://doi.acm.org/10.1145/190809.190336}",
} 


@article{afsana2018, 
author="Afsana, F. and others", 
journal="{IEEE Access}", 
title="{An Energy Conserving Routing Scheme for Wireless Body Sensor Nanonetwork Communication}", 
year="{2018}", 
volume="{6}", 
pages="{9186-9200}", 
note="\url{http://dx.doi.org/10.1109/ACCESS.2018.2789437}", 
}


@article{abuali2018, 
author="Abuali, N. and others", 
journal="{IEEE Access}", 
title="{Performance Evaluation of Routing Protocols in Electromagnetic Nanonetworks}", 
year="{2018}", 
volume="{6}",  
pages="{35908-35914}", 
note="\url{http://dx.doi.org/10.1109/ACCESS.2018.2845305}", 
}


@article{singh2017, 
author="Singh, S. K. and others", 
journal="{IEEE Access}", 
title="{A Survey on Successors of LEACH Protocol}", 
year="{2017}", 
volume="{5}", 
pages="{4298-4328}", 
note="\url{http://dx.doi.org/110.1109/ACCESS.2017.2666082}", 
}

@article{ramanathan1996,
author="Ramanathan, S. and Steenstrup, M.",
title="{A survey of routing techniques for mobile communications networks}",
journal="{Mobile Networks and Applications}",
year="{1996}",
volume="{1}",
number="{2}",
pages="{89-104}",
note="\url{https://doi.org/10.1007/BF01193330}"
}


@article{rodoplu1999, 
author="Rodoplu, V. and Meng, T. H.", 
journal="{IEEE Journal on Selected Areas in Communications}", 
title="{Minimum energy mobile wireless networks}", 
year="{1999}", 
volume="{17}", 
number="{8}", 
pages="{1333-1344}", 
note="\url{http://dx.doi.org/10.1109/49.779917}", 
}



@article{pantazis2013, 
author="Pantazis, N. A. and others", 
journal="{IEEE Communications Surveys Tutorials}", 
title="{Energy-Efficient Routing Protocols in Wireless Sensor Networks: A Survey}", 
year="{2013}", 
volume="{15}", 
number="{2}", 
pages="{551-591}", 
note="\url{http://dx.doi.org/10.1109/SURV.2012.062612.00084}", 
}


@article{akyildiz2002-2,
title = "{Wireless sensor networks: a survey}",
journal = "{Computer Networks}",
volume = "{38}",
number = "{4}",
pages = "{393-422}",
year = "{2002}",
note="\url{https://doi.org/10.1016/S1389-1286(01)00302-4}",
author = "Akyildiz, I. F. and others",
}



@article{sarkar2016,
title = "{Routing protocols for wireless sensor networks: What the literature says?}",
journal = "{Alexandria Engineering Journal}",
volume = "{55}",
number = "{4}",
pages = "{3173-3183}",
year = "{2016}",
note="\url{http://dx.doi.org/10.1016/j.aej.2016.08.003}",
author = "Sarkar, A. and Senthil Murugan, T.",
}



@article{akhtar2015,
title = "{Energy replenishment using renewable and traditional energy resources for sustainable wireless sensor networks: A review}",
journal = "{Renewable and Sustainable Energy Reviews}",
volume = "{45}",
pages = "{769-784}",
year = "{2015}",
note="\url{https://doi.org/10.1016/j.rser.2015.02.021}",
author = "Akhtar, F. and Rehmani, M. H.",
}


@article{khan2015,
title = "{Energy management in Wireless Sensor Networks: A survey}",
journal = "{Computers \& Electrical Engineering}",
volume = "{41}",
pages = "{159-176}",
year = "{2015}",
note="\url{https://doi.org/10.1016/j.compeleceng.2014.06.009}",
author = "Khan, J. A. and others"
}





@article{xu2017, 
author="Xu, L. and others", 
journal="{IEEE Internet of Things Journal}", 
title="{A Survey of Clustering Techniques in WSNs and Consideration of the Challenges of Applying Such to 5G IoT Scenarios}", 
year="{2017}", 
volume="{4}", 
number="{5}", 
pages="{1229-1249}", 
note="\url{https://doi.org/10.1109/JIOT.2017.2726014}", 
}



@article{rostami2018,
author="Rostami, A. S. and others",
title="{Survey on clustering in heterogeneous and homogeneous wireless sensor networks}",
journal="{The Journal of Supercomputing}",
year="{2018}",
volume="{74}",
number="{1}",
pages="{277-323}",
note="\url{https://doi.org/10.1007/s11227-017-2128-1}"
}




@article{lin1997, 
author="Lin, C. R. and Gerla, M.", 
journal="{IEEE Journal on Selected Areas in Communications}", 
title="{Adaptive clustering for mobile wireless networks}", 
year="{1997}", 
volume="{15}", 
number="{7}", 
pages="{1265-1275}", 
note="\url{https://doi.org/10.1109/49.622910}", 
}

@article{wong2015,
author  = "Wong, D. T. C. and others",
title   = "{Directional Medium Access Control (MAC) Protocols in Wireless Ad Hoc and Sensor Networks: A Survey}",
journal = "{Journal of Sensor and Actuator Networks}",
volume  = "{4}",
year    = "{2015}",
number  = "{2}",
pages  = "{67-153}",
note="\url{https://doi.org/10.3390/jsan4020067}",
}


@article{subramanian2010,
author="Subramanian, A. P. and Das, S. R.",
title="{Addressing deafness and hidden terminal problem in directional antenna based wireless multi-hop networks}",
journal="{Wireless Networks}",
year="{2010}",
volume="{16}",
number="{6}",
pages="{1557-1567}",
note="\url{https://doi.org/10.1007/s11276-008-0138-x}"
}


@article{anastasi2009,
title = "{Energy conservation in wireless sensor networks: A survey}",
journal = "{Ad Hoc Networks}",
volume = "{7}",
number = "{3}",
pages = "{537-568}",
year = "{2009}",
note="\url{https://doi.org/10.1016/j.adhoc.2008.06.003}",
author = "Anastasi, G. and others",
}


@article{rault2014,
title = "{Energy efficiency in wireless sensor networks: A top-down survey}",
journal = "{Computer Networks}",
volume = "{67}",
pages = "{104-122}",
year = "{2014}",
note="\url{https://doi.org/10.1016/j.comnet.2014.03.027}",
author = "Rault, T. and others",

}

@article{reddy2012,
 author = "Reddy, M. M. and others",
 title = "{Solving the Hidden Terminal problems Using Directional-Antenna Based MAC Protocol for Wireless Adhoc Networks}",
 journal = "{International Journal of Scientific and Research Publications}",
 year = "{2012}",
 volume = "{2}",
 number = "{12}",
 pages = "{1-6}",
 note="\url{http://www.ijsrp.org/research-paper-1212/ijsrp-p1266.pdf}"
}




@article{khan2012,
 author = "Khan, A. and Nema, R.",
 title = "{Analysis of Five Different Dielectric Substrates on Microstrip Patch Antenna}",
 journal = "{International Journal of Computer Applications}",
 year = "{2012}",
 volume = "{55}",
 number = "{18}",
 pages = "{6-12}",
 note="\url{http://research.ijcaonline.org/volume55/number18/pxc3881915.pdf}"
}



@article{ieee2013, 
author="IEEE", 
journal="{IEEE Std 145-2013 (Revision of IEEE Std 145-1993)}", 
title="{IEEE Standard for Definitions of Terms for Antennas}", 
year="{2014}",  
note="\url{https://doi.org/10.1109/IEEESTD.2014.6758443}"
}



@article{li2015,
author="Li, S. and others",
title="{The internet of things: A Survey}",
journal="{Information Systems Frontiers}",
year="{2015}",
volume="{17}",
number="{2}",
pages="{243-259}",
note="\url{https://doi.org/10.1007/s10796-014-9492-7}"
}


@article{dai2011,
author = "Dai, H.-N. and others",
title = "{An overview of using directional antennas in wireless networks}",
journal = "{International Journal of Communication Systems}",
volume = "{26}",
number = "{4}",
year = "{2011}",
pages = "{413-448}",
note = "\url{https://onlinelibrary.wiley.com/doi/abs/10.1002/dac.1348}",
}



@article{curiac2016,
author = "Curiac, D.-I.",
title = "{Wireless Sensor Network Security Enhancement Using Directional Antennas: State of the Art and Research Challenges}",
journal = "{Sensors}",
volume = "{16}",
number= "{4}",
year = "{2016}",
pages = "{488-502}",
note = "\url{http://doi.org/10.3390/s16040488}",

}


@article{sah2018,
author = "Sah, D. K. and Amgoth, T.",
title = "{Parametric survey on cross-layer designs for wireless sensor networks}",
journal = "{Computer Science Review}",
volume = "{27}",
pages = "{112-134}",
year = "{2018}",
note = "\url{https://doi.org/10.1016/j.cosrev.2017.12.002}",
}




@article{zhao2003, 
author="Zhao, F. and others", 
journal="{Proceedings of the IEEE}", 
title="{Collaborative signal and information processing: an information-directed approach}", 
year="{2003}", 
volume="{91}", 
number="{8}", 
pages="{1199-1209}", 
note = "\url{https://doi.org/10.1109/JPROC.2003.814921}", 
}



@article{aelita2012,
title="{The Future Potential of Internet of Things}",
author="Skaržauskienė, A. and Kalinauskas, M.",
journal="{Social Technologies}",
volume="{2}", 
number="{1}",
pages="{102-113}",
year="{2012}",
note="\url{http://www.mruni.eu/en/mokslo_darbai/st/paskutinis_numeris/dwn.php?id=326547}",
}

@article{weiser1991,
  title="{The Computer for the 21$^{st}$ Century}",
  author="Weiser, M.",
  journal="{Scientific American}",
  volume="{265}",
  number="{3}",
  pages="{94-105}",
  year="{1991}"
}


@article{jindal2018, 
author="Jindal, V.", 
journal="{International Journal of Advanced Research in Computer Engineering \& Technology}", 
title="{History and Architecture of Wireless Sensor Networks for Ubiquitous Computing}", 
year="{2018}", 
volume="{7}", 
number="{2}", 
pages="{214-217}", 
note="\url{http://ijarcet.org/wp-content/uploads/IJARCET-VOL-7-ISSUE-2-214-217.pdf}" 
}


@article{rabaey2000, 
author="Rabaey, J. M. and others", 
journal="{Computer}", 
title="{PicoRadio supports ad hoc ultra-low power wireless networking}", 
year="{2000}", 
volume="{33}", 
number="{7}", 
pages="{42-48}", 
note="\url{https://doi.org/10.1109/2.869369}" 
}



@article{farooq2011,
author  = "Farooq, M. O. and Kunz, T.",
title   = "{Operating Systems for Wireless Sensor Networks: A Survey}",
journal = "{Sensors}",
volume  = "{11}",
year   = "{2011}",
number = "{6}",
pages   = "{5900-5930}",
note     = "\url{http://dx.doi.org/10.3390/s110605900}"
}





@article{nguyen2017,
title = "Compressive sensing based random walk routing in wireless sensor networks",
journal = "{Ad Hoc Networks}",
volume = "54",
number = "Supplement C",
pages = "99-110",
year = "2017",
note = "\url{https://doi.org/10.1016/j.adhoc.2016.10.009}",
author = "Nguyen, M. T. and Teague, K. A.",
}


@article{intanagonwiwat2003,
 author = "Intanagonwiwat, C. and others",
 title = "{Directed Diffusion for Wireless Sensor Networking}",
 journal ="{IEEE/ACM Trans. Netw.}",
 volume = "11",
 number = "1",
 year = "2003",
 pages = "2-16",
 note = "\url{https://doi.org/10.1109/TNET.2002.808417}",
} 


@article{ilhan2016,
title = "Molecular geometry inspired positioning for aerial networks",
journal = "{Computer Networks}",
volume = "98",
pages = "72-88",
year = "2016",
note = "\url{https://doi.org/10.1016/j.comnet.2016.02.001}",
author = "Akbaş, M. {\.I}. and others",
}


@article{senel2011,
author="Senel, F. and others",
journal="{IEEE Trans. on Vehicular Technology}",
title="{Bio-Inspired Relay Node Placement Heuristics for Repairing Damaged Wireless Sensor Networks}",
year="2011",
volume="60",
number="4",
pages="1835-1848",
note = "\url{https://doi.org/10.1109/TVT.2011.2131158}",
}


@article{imran2012,
title = "Localized motion-based connectivity restoration algorithms for wireless sensor and actor networks",
journal = "Journal of Network and Computer App.",
volume = "35",
number = "2",
pages = "844-856",
year = "2012",
note = "\url{https://doi.org/10.1016/j.jnca.2011.12.002}",
author = "Imran, M. and others",
}



@article{jornet2013,
author="Jornet, J. M. and Akyildiz, I. F.",
journal="{IEEE Journal on Selected Areas in Comm.}",
title="{Graphene-based Plasmonic Nano-Antenna for Terahertz Band Communication in Nanonetworks}",
year="2013",
volume="31",
number="12",
pages="685-694",
note = "\url{https://doi.org/10.1109/JSAC.2013.SUP2.1213001}",
}

@article{akyildiz2010-1, 
author="Akyildiz, I. F. and Jornet, J. M.", 
journal="{IEEE Wireless Comm.}", 
title="{The Internet of nano-things}", 
year="2010", 
volume="17", 
number="6", 
pages="58-63",
note = "\url{https://doi.org/10.1109/MWC.2010.5675779}", 
}

 
@article{akyildiz2010-2,
title = "Electromagnetic wireless nanosensor networks",
journal = "{Nano Comm. Networks}",
volume = "1",
number = "1",
pages = "3-19",
year = "2010",
note="\url{https://doi.org/10.1016/j.nancom.2010.04.001}",
author = "Akyildiz, I. F. and Jornet, J. M.",
}
    
@article{akyildiz2008,
 author = "Akyildiz, I. F. and others",
 title = "{Nanonetworks: A New Comm. Paradigm}",
 journal = "{Computer Networks: The Int. Journal of Computer and Telecommunications Networking}",
 volume = "52",
 number = "12",
 year = "2008",
 pages = "2260-2279",
 note = "\url{https://doi.org/10.1016/j.comnet.2008.04.001}",
} 
    
    
   
@article{kamal2004, 
author="Al-Karaki, J. N. and Kamal, A. E.", 
journal="{IEEE Wireless Comm.}", 
title="{Routing techniques in wireless sensor networks: a survey}", 
year="{2004}", 
volume="{11}", 
number="{6}", 
pages="{6-28}", 
note = "\url{https://doi.org/10.1109/MWC.2004.1368893}", 
}


@article{ndie2012, 
author="Ndie, T. and Noutat, J.", 
journal="{Wireless Sensor Network}", 
title="{Problem of Standardization of Configuration Data in Wireless Sensor Networks: The Case of Routing Protocols}", 
year="{2012}", 
volume="{4}", 
number="{7}", 
pages="{177-184}", 
note = "\url{https://doi.org/10.4236/wsn.2012.47026}", 
}


@article{akyildiz2002, 
author="Akyildiz, I. F. and others", 
journal="{IEEE Communications Magazine}", 
title="{A survey on sensor networks}", 
year="{2002}", 
volume="{40}", 
number="{8}", 
pages="{102-114}", 
note = "\url{https://doi.org/10.1109/MCOM.2002.1024422}", 
}


@article{kaur2012, 
author="Kaur, G. and Garg, R. M.", 
journal="{International Journal of Distributed and Parallel Systems (IJDPS)}", 
title="{Energy Efficient Topologies For Wireless Sensor Networks}", 
year="{2012}", 
volume="{3}", 
number="{5}", 
pages="{179-192}", 
note = "\url{http://airccse.org/journal/ijdps/papers/3512ijdps16.pdf}", 
}




@article{regalado2014,
    title = "{Business Adapts to a New Style of Computer}",
   journal= "{MIT Technology Review Bussiness Report -  The Internet of Things}",
    year = "2014",
    volume="{July/August}",
    pages="{1-2}",
    author ="Regalado, A.",
    note = "{\url{https://dspace.mit.edu/bitstream/handle/1721.1/86935/MIT-Technology-Review-Business-Report-The-Internet-of-Things.pdf?sequence=14}, Online; accessed 24-August-2018.}"
}



@article{knight2008,
author = "Knight, C. and others",
title  = "{Energy Options for Wireless Sensor Nodes}",
journal = "{Sensors}",
volume = "{8}",
year  = "{2008}",
number = "{12}",
pages  = "{8037-8066}",
note = "{\url{http://www.mdpi.com/1424-8220/8/12/8037}}",

}

@article{jhaveri2015,
author = "Jhaveri, R.",
year = "{2015}",
pages = "{165-191}",
title = "{Mobile ad-hoc networking with AODV: A review}",
volume = "{6}",
number = "{3}",
journal = "{International Journal of Next-Generation Computing}"
}


@Comment{***************Multipath Ring Routing*********************}


@article{benaddy2017, 
author="Benaddy, M. and others", 
journal="{International Journal of Sensors and Sensor Networks. Special Issue:Smart Cities Using a Wireless Sensor Networks}", 
title="{A Mutlipath Routing Algorithm for Wireless Sensor Networks Under Distance and Energy Consumption Constraints for Reliable Data Transmission}", 
year="{2017}", 
volume = "{5}",
number = "{5-1}",
pages="{32-35}", 
note = "{\url{http://article.sciencepublishinggroup.com/pdf/10.11648.j.ijssn.s.2017050501.16.pdf}}",
}

@article{stoj2001, 
author="Stojmenovic, I. and Lin, X.", 
journal="{IEEE Transactions on Parallel and Distributed Systems}", 
title="{Power-aware localized routing in wireless networks}", 
year="{2001}", 
volume="{12}", 
number="{11}", 
pages="{1122-1133}", 
note = "\url{https://doi.org/10.1109/71.969123}", 
}



@article{bell2009,
title = "{A survey of known results and research areas for n-queens}",
journal = "{Discrete Mathematics}",
volume = "{30}9",
number = "{1}",
pages = "{1-31}",
year = "{2009}",
note = "\url{https://doi.org/10.1016/j.disc.2007.12.043}",
author = "Bell, J. and Stevens, B.",
}

@Comment{*****************************************************************************************************************}

 






@Comment{books}

@book{waterhouse2003,
  title="{Microstrip Patch Antennas: A Designer’s Guide}",
  author="Waterhouse, R.",
  year="{2003}",
  publisher="{Springer US}"
}


@book{fang2017,
  title="{Antenna Theory and Microstrip Antennas}",
  author="Fang, D.G.",
  year="{2017}",
  publisher="{Taylor \& Francis}"
}


@book{shi2017,
author="Shi, G. and Li, K.",
title="{Fundamentals of ZigBee and WiFi. In: Signal Interference in WiFi and ZigBee Networks. Wireless Networks}",
year="{2017}",
publisher="{Springer International Publishing}",
}


@book{james1989,
  title="{Handbook of microstrip antennas, Volume 1}",
  author="James, J. R. and Hall, P. S.",
  series="{IEE electromagnetic waves series}",
  year="{1989}",
  publisher="{Peter Peregrinus on behalf of the Institution of Electrical Engineers}",
}



@book{sohraby2007,
 author = "Sohraby, K. and others",
 title = "{Wireless Sensor Networks: Technology, Protocols, and Applications}",
 year = "{2007}",
 publisher = "{Wiley-Interscience}",
} 


@book{balanis2016,
 author = "Balanis, C. A.",
 title = "{Antenna Theory: Analysis and Design, 4$^{th}$ ed.}",
 year ="{2016}",
 publisher = "{Wiley}",
} 
@book{pozar2011,
  title="{Microwave Engineering, 4$^{th}$ ed.}",
  author="Pozar, D. M.",
  year="{2011}",
  publisher="{Wiley}"
}

@book{corderio2006,
 editor = "Corderio, C. M. and Agrawal, D. P.",
 title = "{Ad Hoc \& Sensor Networks Theory And Applications}",
 year = "{2006}",
 publisher = "{World Scientific}"
} 



@book{yang2014,
 editor = "Yang, G. Z.",
 title = "{Body Sensor Networks, 2$^{nd}$ ed.}",
 year = "{2014}",
 publisher = "{Springer}"
} 


@book{akyildiz2010-3,
 author = "Akyildiz, I. F. and Vuran, M. C.",
 title = "{Wireless Sensor Networks}",
 year = "{2010}",
 publisher = "{John Wiley \& Sons, Inc.}"
} 


@book{werner2000frontiers,
  title="{Frontiers in Electromagnetics}",
  author="Werner, D. H. and Mittra, R.",
  year="{2000}",
  publisher="{John Wiley \& Sons, Inc.}"
}



@book{ditzel2007,
 title="{Power-Aware Architecting for data-dominated applications}",
  author="Ditzel, M. and others",
  year="{2007}",
  publisher="{Springer}"
}

@book{shelby2010,
 author = "Shelby, Z. and Bormann, C.",
 title = "{6LoWPAN: The Wireless Embedded Internet}",
 year = "{2010}",
 publisher = "{John Wiley \& Sons, Inc.}",
} 

@book{callaway2004,
  editor  = "Callaway, E. H.", 
  title     = "{Wireless Sensor Networks, Architecture and Protocols}",
  publisher = "{Auerbach}",
   year      = "2004",
}

@Comment{*****************************************************************************************************************}





@phdthesis{sharma2016,
  author       = "Sharma, A. K.",
  title        = "{Design Modeling and Development of Microstrip Patch Antennas}",
  school       = "{University School Of Information And Communication Technology, Guru Gobind Singh Indraprastha University}",
  year         = "{2016}",
  address      = "{India}",
  note = "\url{http://hdl.handle.net/10603/184826}"
}


@phdthesis{deegwal2015,
  author       = "Deegwal, J. K.",
  title        = "{Design and performance evaluation of various Microstrip Antennas}",
  school       = "{Department of Electronics and Communications Engineering, Suresh Gyan Vihar University}",
  year         = "{2015}",
  address      = "{India}",
  note = "\url{http://hdl.handle.net/10603/103082}"
}



@phdthesis{bordoloi2013,
  author       = "Bordoloi, A. K.",
  title        = "{Microstrip Patch Antennas - Some Techniques On Size Reduction And Tuning}",
  school       = "{Department of Electronics and Communication Engineering, Tezpur University}",
  year         = "{2013}",
  address      = "{India}",
  note = "\url{http://hdl.handle.net/10603/100309}"
}


@phdthesis{whyte2008,
  author       = "Whyte, G. W. M.",
  title        = "{Antennas for wireless sensor network applications}",
  school       = "{Department of Electronics and Electrical Engineering, Faculty of Engineering, University of Glasgow}",
  year         = "2008",
  address      = "{UK}",
  note = "\url{http://theses.gla.ac.uk/408/}"
}


@mastersthesis{khaleel2012,
    author     =   "Khaleel, A. D.",
    title     =     "{Design Tri-Band Single And Dual Patch Array Antenna With Band Suppression}",
    school     =     "{Department of Electrical Engineering, College Of Graduate Studies, Universiti Tenaga Nasional}",
    address     =     "Malaysia",
    year     =     "2012",
     month        = "December",
    note = "\url{https://doi.org/10.13140/RG.2.1.1260.4329}"
}


@mastersthesis{ferreira2016,
    author     =   "Ferreira, J. F. M.",
    title     =     "{Study and design of antennas for WLAN MIMO applications}",
    school     =     "{Dept. of Electrical and Computer Engineering, Técnico Lisboa}",
    address     =     "Portugal",
    year     =     "2016",
     month        = "November",
    note = "\url{https://fenix.tecnico.ulisboa.pt/downloadFile/1407770020545567/Dissertacao%20Joao%20Ferreira.pdf}"
}


@mastersthesis{bian2009,
    author     =   "Bian, Q.",
    title     =     "{Performance Improvement Of Ad Hoc Networks Using Directional Antennas And Power Control}",
    school     =     "{Dept. of Computer Science, University of Québec, Montréal}",
    address     =     "Canada",
    year     =     "2009",
     month        = "December",
    note = "\url{http://archipel.uqam.ca/2596/1/M11194.pdf}"
}


@mastersthesis{kolar2004,
  author       = "Kolar, V.", 
  title        = "{Challenges In Directional Antennas}",
  school       = "{Dept. of Computer Science, Graduate School of Binghamton University}",
  year         = "2004",
  address      = "{USA}",
  note = "\url{http://www.cs.binghamton.edu/~vinkolar/pubs/kolarMastersThesis.pdf}"
}


@phdthesis{pitchai2015,
  author       = "Pitchai, M. K.", 
  title        = "{Energy Efficient Routing In Wireless Sensor Networks}",
  school       = "{Faculty Of Information And Communication Engineering Anna University}",
  year         = "2015",
  address      = "{India}",
  month        = "April",
  note = "\url{http://hdl.handle.net/10603/140758}"
}


@phdthesis{vinoy2002,
  author       = "Vinoy, K. J.", 
  title        = "{Fractal Shaped Antenna Elements for Wide and Multi-Band Wireless Applications}",
  school       = "{The Graduate School College of Engineering, The Pennsylvania State University}",
  year         = "2002",
  address      = "{USA}",
  month        = "August",
  note = "\url{https://etda.libraries.psu.edu/files/final_submissions/3436}"
}



@phdthesis{jornet2013-phd,
  author       = "Jornet, J. M.", 
  title        = "{Fundamentals Of Electromagnetic Nanonetworks In The Terahertz Band}",
  school       = "{School of Electrical and Computer Eng., Georgia Institute of Technology}",
  year         = "2013",
  address      = "{USA}",
  month        = "December",
  note = "\url{https://smartech.gatech.edu/bitstream/handle/1853/50233/JORNETMONTANA-DISSERTATION-2013.pdf}"
}

    
 

@mastersthesis{akbar2015t,
    author     =   "Akbar, A.",
    title      =   "{Energy Efficient Scheduled Directional Medium Access Control Protocol For Wireless Sensor Networks}",
    school     =   "{Ryerson University}",
    address    =   "Canada",
    year       =   "2015",
     note = "\url{https://digital.library.ryerson.ca/islandora/object/RULA%3A3315/datastream/OBJ/download/Energy_efficient_scheduled_directional_medium_access_control_protocol_for_wireless_sensor_networks.pdf}"
}
   

@mastersthesis{neupane2014,
    author     =   "Neupane, S. R.",
    title     =     "{Routing in Resource Constrained Sensor Nanonetworks}",
    school     =     "{Tampere University of Technology}",
    address     =     "Finland",
    year     =     "2014",
     month        = "June",
    note = "\url{https://dspace.cc.tut.fi/dpub/handle/123456789/22494}"
}


@mastersthesis{Öström2010,
    author     =   "Öström, E.",
    title     =     "{Building And Experimentally Evaluating A Smart Antenna For Low Power Wireless Communication}",
    school     =     "{Mälardalen University}",
    address     =     "Sweden",
    year     =     "2010",
     month        = "May",
       note = "\url{http://www.diva-portal.org/smash/get/diva2:317966/FULLTEXT01.pdf}"
}


@Comment{*****************************************************************************************************************}









@Comment{reports}

@techreport{RFC3561,
  author = "C. Perkins and others",
  title = "{Ad hoc On-Demand Distance Vector (AODV) Routing}",
  howpublished = "{Internet Requests for Comments}",
  type = "{RFC}",
  number = "{3561}",
  year = "{2003}",
  publisher = "{RFC Editor}",
  institution = "{RFC Editor}",
  note = "{\url{http://www.rfc-editor.org/rfc/rfc3561.txt}}",
}


@techreport{ONworld2017,
    title = "{Industrial Wireless Sensor Networks - Executive Summary}",
    year = "2017",
    author ="{ON World Inc.}",
     Institution = "{ON World Inc.}",
    note = "{\url{https://onworld.com/smartindustries/execsum/IndustrialWSNQ117ExecSum.pdf}, Online; accessed 9-August-2018.}"
}


@techreport{fabian2009,
    title = "{An Overview on Wireless Sensor Networks}",
    year = "2009",
    author ="Nack, F.",
     Institution = "{Institute of Computer Science (ICS), Freie Universität Berlin}",
    note = "{\url{http://www.mi.fu-berlin.de/inf/groups/ag-tech/teaching/2008-09_WS/S_19565_Proseminar_Technische_Informatik/nack09verview.pdf}, Online; accessed 20-August-2018.}"
}


@Comment{*****************************************************************************************************************}








@Comment{proceedings}


@Comment{proceedings for patch antennas in WSN}

@inproceedings{jornet2010, 
author="Jornet, J. M. and Akyildiz, I. F.", 
booktitle="{Proceedings of the 4$^{th}$ European Conference on Antennas and Propagation}", 
title="{Graphene-based nano-antennas for electromagnetic nanocommunications in the terahertz band}", 
year="{2010}", 
pages="{1-5}", 
note= "\url{https://ieeexplore.ieee.org/document/5505569}",
}

@inproceedings{chakravarthy2016, 
author="Chakravarthy, S. S. and others", 
booktitle="{2016 13$^{th}$ International Conference on Wireless and Optical Communications Networks (WOCN)}", 
title="{Comparative study on different feeding techniques of rectangular patch antenna}", 
year="{2016}", 
pages="{1-6}", 
note= "\url{http://dx.doi.org/110.1109/WOCN.2016.7759032}", 
}

@inproceedings{shrestha2013, 
author="Shrestha, S. and others", 
booktitle="{The International Conference on Information Networking 2013 (ICOIN)}", 
title="{Design of modified Sierpinski fractal based miniaturized patch antenna}", 
year="{2013}", 
pages="{274-279}",  
note= "\url{http://dx.doi.org/10.1109/ICOIN.2013.6496389}", 
}



@inproceedings{fujimoto2015, 
author="Fujimoto, T. and others", 
booktitle="{2015 International Symposium on Antennas and Propagation (ISAP)}", 
title="{Circularly polarized small microstrip antenna for wireless sensor network}", 
year="{2015}", 
pages="{1-2}", 
}


@inproceedings{nagaraju2014, 
author="Nagaraju, S.  and others", 
booktitle="{2014 International Conference on Computer and Communication Technology (ICCCT)}", 
title="{Performance analysis of rectangular, triangular and E-shaped microstrip patch antenna arrays for wireless sensor networks}", 
year="{2014}", 
pages="{211-215}", 
note= "\url{http://dx.doi.org/10.1109/ICCCT.2014.7001494}", 
}

@inproceedings{ali2013, 
author="Ali, M. and Khawaja, B. A.", 
booktitle="{Proceedings of 2013 International Conference on Sensor Network Security Technology and Privacy Communication System}", 
title="{Dual BandMicrostrip patch antenna array for next generation wireless sensor network applications}", 
year="{2013}", 
pages="{39-43}", 
note= "\url{http://dx.doi.org/10.1109/SNS-PCS.2013.6553831}", 
}

@Comment{*****************************************************************************************************************}

@inproceedings{bomnale2018, 
author="Bomnale, A. and Malgaonkar, S.", 
booktitle="{2018 International Conference on Communication information and Computing Technology (ICCICT)}", 
title="{Power optimization in wireless sensor networks}", 
year="{2018}", 
pages="{1-6}", 
note= "\url{http://dx.doi.org/10.1109/ICCICT.2018.8325870}", 
}


@inproceedings{hofner2012,
 author = "H{\"o}fner, P. and others",
 title = "{A Rigorous Analysis of AODV and Its Variants}",
 booktitle = "{Proceedings of the 15$^{th}$ ACM International Conference on Modeling, Analysis and Simulation of Wireless and Mobile Systems}",
 year = "{2012}",
 pages = "{203-212}",
 note= "\url{http://doi.acm.org/10.1145/2387238.2387274}",
} 

@inproceedings{doddapaneni2015, 
author="Doddapaneni, K. and others", 
booktitle="{2015 IEEE 29$^{th}$ International Conference on Advanced Information Networking and Applications Workshops}", 
title="{Packet Arrival Analysis in Wireless Sensor Networks}", 
year="{2015}", 
pages="{164-169}", 
note= "\url{http://dx.doi.org/10.1109/WAINA.2015.101}", 
}



@inproceedings{tarter2016, 
author="Tarter, G. and others", 
booktitle="{2016 IEEE 13$^{th}$ International Conference on Mobile Ad Hoc and Sensor Systems (MASS)}", 
title="{Directional Antennas for Convergecast in Wireless Sensor Networks: Are They a Good Idea?}", 
year="{2016}",
pages="{172-182}", 
note= "\url{http://dx.doi.org/10.1109/MASS.2016.031}", 
}



@inproceedings{giorgetti2007, 
author="Giorgetti, G. and others", 
booktitle="{2007 European Conference on Wireless Technologies}", 
title="{Exploiting Low-Cost Directional Antennas in 2.4 GHz IEEE 802.15.4 Wireless Sensor Networks}", 
year="{2007}", 
pages="{217-220}", 
note= "\url{http://dx.doi.org/10.1109/ECWT.2007.4403985}", 
}


@inproceedings{ma2005, 
author="Ma, C. and Yang, Y.", 
booktitle="{2$^{nd}$ International Conference on Broadband Networks, 2005.}", 
title="{Battery-aware routing for streaming data transmissions in wireless sensor networks}", 
year="{2005}", 
pages="{464-473}", 
note= "\url{http://dx.doi.org/10.1109/ICBN.2005.1589650}", 
}



@inproceedings{mottola2013, 
author="Mottola, L. and others", 
booktitle="{2013 IEEE International Conference on Sensing, Communications and Networking (SECON)}", 
title="{Electronically-switched directional antennas for wireless sensor networks: A full-stack evaluation}", 
year="{2013}", 
pages="{176-184}", 
note= "\url{http://dx.doi.org/10.1109/SAHCN.2013.6644976}", 
}


@inproceedings{zhu2006, 
author="Zhu, C. and others", 
booktitle="{MILCOM 2006 - 2006 IEEE Military Communications conference}", 
title="{Enhancing 802.11 Wireless Networks with Directional Antenna and Multiple Receivers}", 
year="{2006}", 
pages="{1-8}",  
note= "\url{http://dx.doi.org/10.1109/MILCOM.2006.302108}", 
}


@inproceedings{ko2000, 
author="Ko, Y.-B. and others", 
booktitle="{Proceedings IEEE INFOCOM 2000. Conference on Computer Communications. 19$^{th}$ Annual Joint Conference of the IEEE Computer and Communications Societies (Cat. No.00CH37064)}", 
title="{Medium access control protocols using directional antennas in ad hoc networks}", 
year="{2000}", 
volume="{1}", 
pages="{13-21}", 
note= "\url{http://dx.doi.org/10.1109/INFCOM.2000.832169}", 
}

@inproceedings{polastre2004,
 author = "Polastre, J. and others",
 title = "{Versatile Low Power Media Access for Wireless Sensor Networks}",
 booktitle = "{Proceedings of the 2$^{nd}$ International Conference on Embedded Networked Sensor Systems}",
 series = "{SenSys '04}",
 year = "{2004}",
 pages = "{95-107}",
note= "\url{http://doi.acm.org/10.1145/1031495.1031508}",
}

@inproceedings{korakis2003,
 author = "Korakis, T. and others",
 title = "{A MAC Protocol for Full Exploitation of Directional Antennas in Ad-hoc Wireless Networks}",
 booktitle = "{Proceedings of the 4$^{th}$ ACM International Symposium on Mobile Ad Hoc Networking \& Computing}",
 series = "{MobiHoc '03}",
 year = "{2003}",
 pages = "{98-107}",
 note= "\url{http://doi.acm.org/10.1145/778415.778428}",
} 


@inproceedings{yi2003,
    author = "Yi, S. and others",
    booktitle = "{Proceedings of the 4$^{th}$ ACM international symposium on Mobile ad hoc networking \& computing - MobiHoc '03}",
    pages = "{108-116}",
    series = "{SIGMETRICS '08}",
    title = "{On the capacity improvement of ad hoc wireless networks using directional antennas}",
    note= "\url{http://dx.doi.org/10.1145/778415.778429}",
    year = "{2003}"
}


@inproceedings{ye2003, 
author="Ye, Z. and others", 
booktitle="{IEEE INFOCOM 2003. 22$^{nd}$  Annual Joint Conference of the IEEE Computer and Communications Societies (IEEE Cat. No.03CH37428)}", 
title="{A framework for reliable routing in mobile ad hoc networks}", 
year="{2003}", 
volume="{1}",  
pages="{270-280}", 
note= "\url{http://dx.doi.org/10.1109/INFCOM.2003.1208679}", 
}

@inproceedings{karp2000,
 author = "Karp, B. and Kung, H. T.",
 title = "{GPSR: Greedy Perimeter Stateless Routing for Wireless Networks}",
 booktitle = "{Proceedings of the 6$^{th}$ Annual International Conference on Mobile Computing and Networking}",
 year = "{2000}",
 pages = "{243-254}",
 note= "\url{http://doi.acm.org/10.1145/345910.345953}",
} 




@inproceedings{marina2001, 
author= "Marina, M. K. and Das, S. R.", 
booktitle="{Proceedings 9$^{th}$ International Conference on Network Protocols. ICNP 2001}", 
title="{On-demand multipath distance vector routing in ad hoc networks}", 
year="{2001}", 
pages="{14-23}", 
note= "\url{http://dx.doi.org/10.1109/ICNP.2001.992756}", 
}


@inproceedings{lee2001, 
author="Lee, S. and Gerla, M.", 
booktitle="{ICC 2001. IEEE International Conference on Communications. Conference Record (Cat. No.01CH37240)}", 
title="{Split multipath routing with maximally disjoint paths in ad hoc networks}", 
year="{2001}", 
volume="{10}",  
pages="{3201-3205}", 
note= "\url{http://dx.doi.org/10.1109/ICC.2001.937262}", 
}


@inproceedings{tairin2017, 
author="Tairin, S. and others", 
booktitle="{2017 International Conference on Networking, Systems and Security (NSysS)}", 
title="{Network-level performance enhancement in wireless nanosensor networks through multi-layer modifications}", 
year="{2017}", 
pages="{75-83}", 
note= "\url{http://dx.doi.org/10.1109/NSysS.2017.7885805}", 
}

@inproceedings{singh1998,
 author = "Singh, S. and others",
 title = "{Power-aware Routing in Mobile Ad Hoc Networks}",
 booktitle = "{Proceedings of the 4$^{th}$ Annual ACM/IEEE International Conference on Mobile Computing and Networking}",
 series = "{MobiCom '98}",
 year = "{1998}",
 pages ="{181-190}",
 note= "\url{http://doi.acm.org/10.1145/288235.288286}",
} 

@inproceedings{stoj2000, 
author="Stojmenovic, I. and Lin, X.", 
booktitle="{Proceedings 14$^{th}$ International Parallel and Distributed Processing Symposium. IPDPS 2000}", 
title="{Power-aware localized routing in wireless networks}", 
year="{2000}", 
pages="{371-376}", 
note= "\url{http://dx.doi.org/10.1109/IPDPS.2000.846008}", 
}



@inproceedings{heinzelman2000, 
author="Heinzelman, W. R. and others", 
booktitle="{Proceedings of the 33$^{rd}$ Annual Hawaii International Conference on System Sciences}", 
title="{Energy-efficient communication protocol for wireless microsensor networks}", 
year="{2000}", 
pages="{1-10}", 
note= "\url{http://dx.doi.org/10.1109/HICSS.2000.926982}" 
}

@inproceedings{hu2006, 
author="Hu, L. and others", 
booktitle="{2006 IET International Conference on Wireless, Mobile and Multimedia Networks}", 
title="{Fuzzy adaptive power control based on PID algorithm for clusterheads of wireless sensor networks}", 
year="{2006}", 
pages="{1-4}", 
note= "\url{https://ieeexplore.ieee.org/document/5195473/}",
}


@inproceedings{almedia2016, 
author="Almeida, F. R. and others", 
booktitle="{2016 8$^{th}$ International Conference on Ubiquitous and Future Networks (ICUFN)}", 
title="{Fractal Clustering and similarity measure: Two new approaches for reducing energy consumption in Wireless Sensor Networks}", 
year="{2016}", 
pages="{288-293}", 
note= "\url{http://dx.doi.org/10.1109/ICUFN.2016.7537034}", 
}


@inproceedings{nayak2017, 
author="Nayak, P. and Vathasavai, B.", 
booktitle="{2017 7$^{th}$ International Conference on Cloud Computing, Data Science Engineering - Confluence}", 
title="{Genetic algorithm based clustering approach for wireless sensor network to optimize routing techniques}", 
year="{2017}", 
pages="{373-380}", 
note= "\url{http://dx.doi.org/10.1109/CONFLUENCE.2017.7943178}", 
}


@inproceedings{subha2013, 
author="Subha, C. P. and others", 
booktitle="{2013 International Conference on Emerging Trends in VLSI, Embedded System, Nano Electronics and Telecommunication System (ICEVENT)}", 
title="{A survey on energy efficient neural network based clustering models in wireless sensor networks}", 
year="{2013}",  
pages="{1-6}", 
note= "\url{http://dx.doi.org/10.1109/ICEVENT.2013.6496545}", 
}

@inproceedings{boyinbode2010, 
author="Boyinbode, O. and others", 
booktitle="{2010 13$^{th}$ International Conference on Network-Based Information Systems}", 
title="{A Survey on Clustering Algorithms for Wireless Sensor Networks}", 
year="{2010}", 
pages="{358-364}", 
note= "\url{http://dx.doi.org/10.1109/NBiS.2010.59}", 
}


@inproceedings{subramanian2007, 
author="Subramanian, A. P. and Das, S. R.", 
booktitle="{2007 2$^{nd}$ International Conference on Communication Systems Software and Middleware}", 
title="{Addressing Deafness and Hidden Terminal Problem in Directional Antenna based Wireless Multi-Hop Networks}", 
year="{2007}", 
pages="{1-6}", 
note = "\url{http://dx.doi.org/10.1109/COMSWA.2007.382626}", 
}



@inproceedings{kolar2004-2, 
author="Kolar, V. and others", 
booktitle="{29$^{th}$ Annual IEEE International Conference on Local Computer Networks}", 
title="{Avoiding Head of Line Blocking in Directional Antenna}", 
year="{2004}", 
pages="{385-392}", 
note = "\url{http://dx.doi.org/10.1109/LCN.2004.30}", 
}



@inproceedings{adere2010, 
author="Adere, K. and Murthy, G. R.", 
booktitle="{2010 7$^{th}$ International Conference on Wireless and Optical Communications Networks - (WOCN)}", 
title="{Solving the Hidden and Exposed Terminal problems Using Directional-Antenna Based MAC Protocol for Wireless Sensor Networks}", 
year="{2010}", 
pages="{1-5}", 
note = "\url{http://dx.doi.org/10.1109/WOCN.2010.5587352}", 
}


@inproceedings{sekido2005, 
author="Sekido, M and others", 
booktitle="{GLOBECOM '05. IEEE Global Telecommunications Conference, 2005.}", 
title="{A Directional Hidden Terminal Problem in Ad hoc Network MAC Protocols with Smart Antennas and its Solutions}", 
year="{2005}",  
pages="{2579-2583}", 
note = "\url{http://dx.doi.org/10.1109/GLOCOM.2005.1578227}", 
}


@inproceedings{gossain2004, 
author="Gossain, H. and others", 
booktitle="{IEEE Global Telecommunications Conference Workshops, 2004. GlobeCom Workshops 2004.}", 
title="{The Deafness Problems and Solutions in Wireless Ad Hoc Networks using Directional Antennas}", 
year="{2004}", 
pages="{108-113}", 
note = "\url{http://dx.doi.org/10.1109/GLOCOMW.2004.1417558}", 
}

@inproceedings{nilsson2010,
author="Nilsson, M.",
title="{SPIDA: A Direction-Finding Antenna for Wireless Sensor Networks}",
booktitle="{Real-World Wireless Sensor Networks}",
year="{2010}",
publisher="{Springer Berlin Heidelberg}",
pages="{138-145}",
}

@inproceedings{nilsson2009,
author="Nilsson, M.",
  title="{Directional Antennas for Wireless Sensor Networks}",
  booktitle="{Proceedings of the 9$^{th}$ Scandinavian Workshop on Wireless Adhoc Networks (Adhoc 09)}",
  year="{2009}",
}


@inproceedings{hurni2008,
 author = "Hurni, P. and Braun, T.",
 title = "{Energy-Efficient Multi-path Routing in Wireless Sensor Networks}",
 booktitle = "{Proceedings of the 7$^{th}$ International Conference on Ad-hoc, Mobile and Wireless Networks}",
 year = "{2008}",
 pages = "{72-85}",
 numpages = "{14}",
note = "\url{http://dx.doi.org/10.1007/978-3-540-85209-4_6}",
}



@inproceedings{polastre2005, 
author="Polastre, J. and others", 
booktitle="{IPSN 2005. 4$^{th}$ International Symposium on Information Processing in Sensor Networks, 2005.}", 
title="{Telos: enabling ultra-low power wireless research}", 
year="{2005}", 
pages="{364-369}", 
note="\url{https://doi.org/10.1109/IPSN.2005.1440950}", 
}




@inproceedings{georgiou2015, 
author="Georgiou, O. and others", 
booktitle="{2015 IEEE 26$^{th}$ Annual International Symposium on Personal, Indoor, and Mobile Radio Communications (PIMRC)}", 
title="{Directional antennas improve the link-connectivity of interference limited ad hoc networks}", 
year="{2015}", 
pages="{1311-1316}", 
note="\url{https://doi.org/10.1109/PIMRC.2015.7343501}", 
}


@inproceedings{jamshed2018, 
author="Jamshed, M. A. and others", 
booktitle="{2018 International Conference on Computing, Mathematics and Engineering Technologies (iCoMET)}", 
title="{Energy optimized routing with directional antennas and tagging for multimedia sensor networks}", 
year="{2018}", 
pages="{1-5}", 
note="\url{https://doi.org/10.1109/ICOMET.2018.8346446}", 
}



@inproceedings{shnayder2004,
 author = "Shnayder, V. and others",
 title = "{Simulating the Power Consumption of Large-scale Sensor Network Applications}",
 booktitle = "{Proceedings of the 2$^{nd}$ International Conference on Embedded Networked Sensor Systems}",
 year = "{2004}",
 pages = "{188-200}",
note="\url{https://doi.org/10.1145/1031495.1031518}",

} 

@inproceedings{akbari2014,
author="Akbari, S.",
booktitle="{2014 Federated Conference on Computer Science and Information Systems}",
title="{Energy harvesting for wireless sensor networks review}",
year="{2014}",
pages="{987-992}",
note="\url{https://doi.org/10.15439/2014F85}",
}

@inproceedings{panatik2016,
author="Panatik, K. Z. and others",
booktitle="{2016 IEEE 3$^{rd}$ International Symposium on Telecommunication Technologies (ISTT)}",
title="{Energy harvesting in wireless sensor networks: A survey}",
year="{2016}",
pages="{53-58}",
note="\url{https://doi.org/10.1109/ISTT.2016.7918084}",
}



@inproceedings{akbar2015, 
author="Akbar, A. and others", 
booktitle="{2015 IEEE International Conference on Communications (ICC)}", 
title="{Energy-Efficient Scheduled Directional Medium Access Control Protocol For Wireless Sensor Networks}",
year="{2015}", 
pages="{6258-6264}", 
note="\url{https://doi.org/10.1109/ICC.2015.7249321}", 
}


@inproceedings{liaskos2016, 
author="Liaskos, C. and others", 
booktitle="{IEEE Int. Conf. on Comm. (ICC) 2016}", 
title="{A deployable routing system for nanonetworks}", 
year="{2016}", 
pages="{1-6}", 
note = "\url{https://doi.org/10.1109/ICC.2016.7511151}", 
}
 
 
@inproceedings {piroNS32013,
  booktitle = "{Proceedings of the 6$^{th}$ International ICST Conference on Simulation Tools and Techniques}",
 title = "{Nano-Sim: simulating electromagnetic-based nanonetworks in the Network Simulator 3}",
 year = "{2013}",
  pages = "{203-210}",
 author = "Piro, G. and others",
 note = "\url{http://dl.acm.org/citation.cfm?id=2512734.2512762}",
}

@inproceedings {piroPA2013,
 booktitle="{2013 27$^{th}$ International Conference on Advanced Information Networking and Applications Workshops}",
 title = "{Simulating Wireless Nano Sensor Networks in the NS-3 platform}",
 year = "{2013}",
  pages="{67-74}",
 author = "Piro, G. and others",
   note = "\url{https://doi.org/10.1109/WAINA.2013.20}",
}


    
@inproceedings{yu2015,
 author = "Hang, Y. and others",
 title = "{Forwarding Schemes for EM-based Wireless Nanosensor Networks in the Terahertz Band}",
 booktitle = "{Proc. of the 2$^{nd}$ Annual Int. Conf. on Nanoscale Computing and Comm.}",
 year = "{2015}",
 articleno = "{17}",
 pages = "{1-6}",
 note = "\url{https://doi.org/10.1145/2800795.2800799}",
}
    
@inproceedings{zhou2012, 
author="Zhou, R. and others", 
booktitle="{2012 21$^{st}$ Int. Conf. on Computer Comm. and Networks (ICCCN)}", 
title="{Buddy Routing: A Routing Paradigm for NanoNets Based on Physical Layer Network Coding}", 
year="{2012}", 
pages="{1-7}", 
note = "\url{https://doi.org/10.1109/ICCCN.2012.6289272}", 
}
    
@inproceedings{liaskos2015,
 author = "Tsioliaridou, A. and others",
 title = "{CORONA: A Coordinate and Routing System for Nanonetworks}",
 booktitle = "{Proc. of the 2$^{nd}$ Annual Int. Conf. on Nanoscale Computing and Comm.}",
 series = "{NANOCOM' 15}",
 year = "{2015}",
 pages = "{1-6}",
 articleno = "{18}",
 note = "\url{https://doi.org/10.1145/2800795.2800809}",

}    



@inproceedings{angelopoulos2011,
 author = "Angelopoulos, C. M. and others",
 title = "{A New Random Walk for Efficient Data Collection in Sensor Networks}",
 booktitle = "{Proceedings of the 9$^{th}$ ACM International Symposium on Mobility Management and Wireless Access}",
 year = "{2011}",
 pages = "{53-60}",
 note = "\url{https://doi.org/10.1145/2069131.2069141}",
} 



@inproceedings{oteafy2012,
author="Oteafy, S. M. A. and others",
booktitle="{2012 IEEE Global Comm. Conf. (GLOBECOM)}",
title="{Pruned Adaptive Routing in the Heterogeneous Internet of Things}",
year="{2012}",
pages="{214-219}",
note = "\url{https://doi.org/10.1109/GLOCOM.2012.6503115}",
}

   
@inproceedings{bazzi2015, 
author="Bazzi, H. S. and others", 
booktitle="{Computer Vision and Image Analysis Applications (ICCVIA), 2015 Int. Conf. on}", 
title="{Classification of routing protocols in wireless sensor network}", 
year="{2015}", 
pages="{1-5}", 
note = "\url{https://doi.org/10.1109/ICCVIA.2015.7351790}", 
}



@Comment{*****************************************************************************************************************}









@Comment{collections}


@incollection{panda2010,
author = "Tan, Y. K. and Panda, S. K.",
title = "{Review of Energy Harvesting Technologies for Sustainable WSN}",
booktitle = "{Sustainable Wireless Sensor Networks}",
publisher = "{IntechOpen}",
year = "{2010}",
editor = "{Seah, W. and Tan, Y. K.}",
chapter = "{2}",
note = "\url{https://doi.org/10.5772/13062}"
}

@incollection{johnson2001,
 author = "Johnson, D. B. and others",
 title = " {DSR: The Dynamic Source Routing Protocol for Multihop Wireless Ad Hoc Networks}",
 booktitle = "{Ad Hoc Networking}",
 year = "{2001}",
 pages = "{139-172}",
publisher = "{Addison-Wesley Longman Publishing Co., Inc.}",
 note = "\url{http://dl.acm.org/citation.cfm?id=374547.374552}",
}

@Comment{*****************************************************************************************************************}



@Comment{misc} 
 
@misc{kranakis2012,
  author = "Kranakis, E.",
  Institution = "{School of Computer Science, Carleton University, Ottawa}",
  Howpublished = "{Presentation slides from ADHOCNOW 2012, Belgrade, July-09-2011}",
  Title = "{Algorithmics of Directional Antennae}",
  note = "{\url{http://people.scs.carleton.ca/~kranakis/conferences/talks/talk-adhocnow.pdf}}"
} 
 
 
 
@misc{choudhury2007,
  author = "Choudhury, R. R.",
  Institution = "{Duke University, Dept. of ECE and CS}",
  Howpublished = "{Talk at Cisco, San Jose, June 2007}",
  Title = "{Spotlight: Exploiting Smart Antennas for Future Wireless Networks}",
  note = "{\url{http://synrg.csl.illinois.edu/ppts/cisco-talk.pdf}}"
}
 
 
@misc{thiele2018,
  author = "Thiele, L.",
  Institution = "{Swiss Federal Institute of Technology, Zurich, Computer Engineering and Networks Laboratory}",
  Howpublished = "{Lecture from The Swiss Federal Institute of Technology, Computer Engineering and Networks Laboratory, Zurich}",
  Title = "{Embedded Systems - Spring 2018}",
  note = "{\url{https://lectures.tik.ee.ethz.ch/es/slides/9_PowerEnergy.pdf}}"
}


@misc{sterbenz2011,
  author = "Sterbenz, J. P. G.",
  Institution = "{University of Kansas, Department of Electrical Engineering and Computer Science}",
  Howpublished = "{Lecture from The University of Kansas, Department of Electrical Engineering and Computer Science}",
  Title = "{Mobile Wireless Networking}",
  note = "{\url{http://www.ittc.ku.edu/~jpgs/courses/mwnets/lecture-energy-display.pdf}}"
}


@misc{bathula2007,
  author = "Bathula, B. G.",
  Institution = "{Columbia University, Department of Electrical Engineering}",
  Howpublished = "{Lecture from The Columbia University, Department of Electrical Engineering}",
  Title = "{High Performance Communciation Networks - 2007}",
  note = "{\url{http://www.ee.columbia.edu/~bbathula/courses/HPCN/lecture03.pdf}}"
}



@misc{cisco,
   author = "{CISCO}",
  Institution = "{CISCO}",
   Howpublished = "{CISCO Troubleshooting TechNotes}",
  Title = "{Omni Antenna vs. Directional Antenna}",
  note = "{\url{https://www.cisco.com/c/en/us/support/docs/wireless-mobility/wireless-lan-wlan/82068-omni-vs-direct.html}, online; accessed: 23-August-2018}"
}


@misc{young2008,
  author = "Young, J. K.",
  Institution = "Sensors Magazine",
  Howpublished = "Sensors Magazine, Online Article",
  Title = "A Practical Guide to Battery Technologies for Wireless Sensor Networking",
  note = "{\url{https://www.sensorsmag.com/components/a-practical-guide-to-battery-technologies-for-wireless-sensor-networking}, online; accessed: 28-August-2018}"
}


@misc{energizere91,
  author = "Energizer",
  Institution = "{Energizer}",
  Howpublished = "{Product Datasheet}",
  Title = "{ENERGIZER E91A}",
  note = "{\url{http://data.energizer.com/pdfs/e91.pdf}, online; accessed: 28-August-2018}"
}

@misc{wiki-batteries,
    author = "{Wikipedia contributors}",
    title = "{AA battery - Wikipedia, The Free Encyclopedia}",
    year = "{2018}",
    note = "{\url{https://en.wikipedia.org/w/index.php?title=AA_battery&oldid=845723499}, online; accessed 28-August-2018}",
  }
  
@misc{atheory-vswr,
    author = "Bevelacqua, P. J.",
    title = "{VSWR (Voltage Standing Wave Ratio)}",
    year = "{2016}",
    note = "{\url{http://www.antenna-theory.com/basics/efficiency.php}, online; accessed 5-September-2018}",
  } 
  
 
@misc{atheory-imp,
    author = "Bevelacqua, P. J.",
    title = "{Antenna Impedance}",
    year = "{2016}",
    note = "{\url{http://www.antenna-theory.com/basics/impedance.php}, online; accessed 5-September-2018}",
  }   

  
  
@misc{atheory-s11,
    author = "Bevelacqua, P. J.",
    title = "{S-Parameters}",
    year = "{2016}",
    note = "{\url{http://www.antenna-theory.com/definitions/sparameters.php}, online; accessed 5-September-2018}",
  }   
  
@misc{cds,
    author = "{Wikipedia contributors}",
    title = "{Connected dominating set - Wikipedia, The Free Encyclopedia}",
    year = "{2017}",
    note = "{\url{https://en.wikipedia.org/w/index.php?title=Connected_dominating_set&oldid=815798163}, online; accessed 12-September-2018}"
  }
 
  
@misc{osimodel,
    author = "{Tech-faq contributors}",
    title = "{The OSI Model – What It Is; Why It Matters; Why It Doesn’t Matter - Tech-faq}",
    note = "{\url{http://www.tech-faq.com/osi-model.html}, online; accessed 13-September-2018}"
  }  


@misc{sierpinski,
    author = "{Wikipedia contributors}",
    title = "{Sierpinski carpet - Wikipedia, The Free Encyclopedia}",
    year = "{2018}",
     note = "{\url{https://en.wikipedia.org/w/index.php?title=Sierpinski_carpet&oldid=854529505}, online; accessed 29-September-2018}"
  }
  
 @misc{ieee-wifi,
    author = "{Wikipedia contributors}",
    title = "{IEEE 802.11 - Wikipedia, The Free Encyclopedia}",
    year = "{2018}",
   note = "{\url{https://en.wikipedia.org/w/index.php?title=IEEE_802.11&oldid=861957204}, online; accessed 2-October-2018}",
  } 



@misc{ieee-1906,
    author={IEEE}, 
    title = "{IEEE 1906.1-2015 - IEEE Recommended Practice for Nanoscale and Molecular Communication Framework}",
    note = {\url{https://standards.ieee.org/standard/1906_1-2015.html}, accessed 4-October-2018}
}

@Comment{*****************************************************************************************************************}

